@book{adams1995hitchhiker,
  title={The Hitchhiker's Guide to the Galaxy},
  author={Adams, D.},
  isbn={9781417642595},
  url={http://books.google.com/books?id=W-xMPgAACAAJ},
  year={1995},
  publisher={San Val}
}


@misc{Austria2020Feb,
	author = {Austria, Statistik},
	title = {{IKT-Einsatz in Unternehmen}},
	year = {2020},
	month = {Feb},
	note = {[Online; accessed 6. Feb. 2020]},
	url = {http://www.statistik.at/web_de/statistiken/energie_umwelt_innovation_mobilitaet/informationsgesellschaft/ikt-einsatz_in_unternehmen/022196.html}
}